@article{monsted-2019,
author = {Bjarke Mønsted and Sune Lehmann},
title = {Algorithmic Detection and Analysis of Vaccine-Denialist Sentiment Clusters in Social Networks},
journal = {Cornell University},
year = {2019},
howpublished={\url{https://arxiv.org/abs/1905.12908}}
}


@article{brown-etall-2018,
author = {W. Eric Brown and Kisuk Sung and Dionne M. Aleman and Erick Moreno-Centeno and Thomas G. Purdie and Chris J. McIntosh},
title = {Guided undersampling classification for automated radiation therapy quality assurance of prostate cancer treatment},
journal = {Medical Physics},
year = {2018},
}

@article{elenora-etal-2018,
author = {Eleonora D’Andrea and Pietro Ducange and Alessio Bechini and Alessandro Renda and Francesco Marcelloni},
title = {Expert Systems With Applications},
journal = {},
year = {2018},
pages = {209-226}
}

@article{glez-pena-etal-2013,
author = {Daniel Glez-Pena and Analia Lourenco and Hugo Lopez-Fernandez and Miguel Reboiro-Jato and  Florentino Fdez-Riverola},
title = {Web scraping technologies in an API world},
journal = {Briefings in Bioinformatics},
year = {2013},
}



@article{jung-2014,
author = {Yoonsuh Jung and Jianhua Hu},
title = {A K-fold averaging cross-validation procedure},
journal = {Journal of Nonparametric Statistics},
year = {2014},
}


@article{piehowski-etal-2013,
author = {Paul D Piehowski and Vladislav A. Petyuk and John D. Sandoval and Kristin E. Burnum and Gary R. Kiebel and Matthew E. Monroe and Gordon A. Anderson and David G. Camp, II and Richard D. Smith},
title = {STEPS: A grid search methodology for optimized peptide identification filtering of MS/MS database search results},
journal = {Proteomics},
volume = {13},
number = {5},
year = {2013},
pages = {766--770}
}


@article{balic-2020,
author = {Oliver Baclic and Matthew Tunis and Kelsey Young and and Coraline Doan and Howard Swerdfeger and Justin Schonfeld},
title = {Challenges and opportunities for public health made possible by advances in natural language processing.},
journal = {Canada Communicable Disease Report},
year = {2020},
pages = {161--168},
howpublished={\url{https://doi.org/10.14745/ccdr.v46i06a02}}
}

@misc{crummy-2020,
author={Beautiful Soup 4.9.0 documentation},
year = {2020},
howpublished={\url{https://www.crummy.com/software/BeautifulSoup/bs4/doc/}}
}

@article{dube-gagnon-2014,
author = {Eve Dubé and Dominique Gagnon and Emily Nickels and Stanley Jeram and MelanieSchuster},
title = {Mapping vaccine hesitancy—Country-specific characteristics of a global phenomenon.},
journal = {Vaccine},
volume = {32},
number = {39},
year = {2014},
pages = {6649--6654},
howpublished={\url{https://doi.org/10.1016/j.vaccine.2014.09.039}}
}


@article{dube-vivion-2015,
author = {Eve Dubé and Maryline Vivion and Noni E. MacDonald},
title = {Vaccine hesitancy, vaccine refusal and the anti-vaccine movement: Influence, impact and implications},
journal = {Expert Review of Vaccines},
volume = {14},
number = {1},
year = {2015},
pages = {99-117},
howpublished={\url{https://doi.org/10.1586/14760584.2015.964212}}
}


@article{hornsey-harris-2018,
author = {Matthew J. Hornsey and Emily A. Harris and Kelly S. Fielding},
title = {Relationships among conspiratorial beliefs, conservatism and climate scepticism across nations},
journal = {Nature Climate Change},
year = {2018},
howpublished={\url{https://doi.org/10.1038/s41558-018-0157-2}}
}


@article{hornsey-lobera-2020,
author = {Matthew J. Hornsey and Josep Lobera and CeliaDíaz-Catalánc},
title = {Vaccine hesitancy is strongly associated with distrust of conventional medicine, and only weakly associated with trust in alternative medicine.},
journal = {Social Science and Medicine},
year = {2020},
howpublished={\url{https://doi.org/10.1016/j.socscimed.2020.113019}}
}


@article{islam-2020,
author = {Md Saiful Islam and Tonmoy Sarkar and Sazzad Hossain Khan and Abu-Hena Mostofa Kamal and S. M. Murshid Hasan and Alamgir Kabir and Dalia Yeasmin and Mohammad Ariful Islam and Kamal Ibne Amin Chowdhury and Kazi Selim Anwar and Abrar Ahmad Chughtai and Holly Seale},
title = {COVID-19–Related Infodemic and Its Impact on Public Health: A Global Social Media Analysis.},
journal = {The American Journal of Tropical Medicine and Hygiene},
year = {2020},
howpublished={\url{tpmd200812. https://doi.org/10.4269/ajtmh.20-0812}}
}


@article{larson-2016,
author = {Heidi J. Larson and Alexandre de Figueiredo and Zhao Xiahong and William S. Schulz and Pierre Verger and Iain G. Johnston and Alex R. Cook and Nick S. Jones},
title = {The State of Vaccine Confidence 2016: Global Insights Through a 67-Country Survey},
journal = {EBioMedicine},
year = {2016},
howpublished={\url{https://doi.org/10.1016/j.ebiom.2016.08.042}}
}


@article{vosoughi-2018,
author = {Soroush Vosoughi and Deb Roy and Sinan Aral},
title = {The spread of true and false news online},
journal = {Science},
year = {2018},
howpublished={\url{https://doi.org/10.1126/science.aap9559}}
}


@misc{WHO-top10-2019,
author={WHO},
title = {WHO’S top 10 threats to global health in 2019},
year = {2019},
howpublished={\url{https://www.who.int/vietnam/news/feature-stories/detail/ten-threats-to-global-health-in-2019}}
}

@misc{WHO-top10-2020,
author={WHO},
title = {WHO and UNICEF warn of a decline in vaccinations during COVID-19},
year = {2020},
howpublished={\url{https://www.who.int/news-room/detail/15-07-2020-who-and-unicef-warn-of-a-decline-in-vaccinations-during-covid-19}}
}




@misc{cnet-2016,
author={CNET},
title = {Why we study digital misinformation},
year = {2016},
howpublished={\url{https://cnets.indiana.edu/blog/2016/11/28/why-we-study-digital-misinformation/}}
}


@article{garimella-2017,
author = {Kiran Garimella and Gianmarco De Francisci Morales and Aristides Gionis and Michael Mathioudakis},
title = {Balancing opposing views to reduce controversy.},
journal = {Proceedings of the 10th ACM International Conference on Web Search and Data Mining},
year = {2017}
}


@article{davis-2016,
author = {Clayton Allen Davis and Onur Varol and Emilio Ferrara and Alessandro Flammini and Filippo Menczer. Botorno},
title = {A system to evaluate social},
journal = {Proceedings of the 25th International Conference Companion on World Wide Web},
year = {2016}
}


@article{jiang-2017,
author = {Keyuan Jiang and Shichao Feng and Qunhao Song and Ricardo A. Calix and Matrika Gupta and Gordon R. Bernard},
title = {Identifying tweets of personal health experience through word embedding and LSTM neural network},
journal = {Proceedings of the 11th International Workshop on Data and Text Mining in Biomedical Informatics},
year = {2017}
}





